@ONLINE {PedroZambarda,
    author = "Pedro Zambarda",
    title  = "‘Internet das Coisas’: entenda o conceito e o que muda com a tecnologia",
    month  = "nov",
    year   = "2016",
    url    = "http://www.techtudo.com.br/noticias/noticia/2014/08/internet-das-coisas-entenda-o-conceito-e-o-que-muda-com-tecnologia.html"
}


@ONLINE {Finep,
    author = "Finep",
    title  = "Kevin Ashton – entrevista exclusiva com o criador do termo “Internet das Coisas”",
    month  = "jan",
    year   = "2017",
    url    = "http://finep.gov.br/noticias/todas-noticias/4446-kevin-ashton-entrevista-exclusiva-com-o-criador-do-termo-internet-das-coisas"
}

@ONLINE {RicardoFeltrin,
    author = "Ricardo Feltrin",
    title  = "Netflix fatura R$ 1,1 bi no Brasil e ultrapassa o SBT",
    month  = "jan",
    year   = "2016",
    url    = "https://tvefamosos.uol.com.br/noticias/ooops/2016/01/11/netflix-fatura-r-11-bi-no-brasil-e-ultrapassa-o-sbt.htm"
}


@ONLINE {SmartBear,
    author = "SmartBear",
    title  = "NETFLIX E O SEU SUCESSO COM APIS",
    month  = "jan",
    year   = "2016",
    url    = "http://mundoapi.com.br/materias/netflix-e-o-seu-sucesso-com-apis/"
}